<record><leader>00000cas a22000007a 4500</leader><controlfield tag="001">12460859</controlfield><controlfield tag="008">850831d18941926iauwr ne      0    0eng d</controlfield><datafield ind1=" " ind2=" " tag="010"><subfield code="a">sn 85050848 </subfield></datafield><datafield ind1=" " ind2=" " tag="040"><subfield code="a">INP</subfield><subfield code="b">eng</subfield><subfield code="c">INP</subfield><subfield code="d">OCLCQ</subfield></datafield><datafield ind1=" " ind2=" " tag="042"><subfield code="a">msc</subfield></datafield><datafield ind1="0" ind2=" " tag="130"><subfield code="a">Vinton eagle (Vinton, Iowa : 1894)</subfield></datafield><datafield ind1="1" ind2="4" tag="245"><subfield code="a">The Vinton eagle.</subfield></datafield><datafield ind1="3" ind2="0" tag="246"><subfield code="a">Eagle</subfield></datafield><datafield ind1="1" ind2="3" tag="246"><subfield code="a">Vinton eagle semi-weekly--Tuesdays and Fridays,</subfield><subfield code="f">1894-June 29, 1906</subfield></datafield><datafield ind1="1" ind2="3" tag="246"><subfield code="a">Vinton eagle Tuesday morning semiweekly Friday morning,</subfield><subfield code="f">July 10, 1906-May 4, 1909</subfield></datafield><datafield ind1="1" ind2="3" tag="246"><subfield code="a">Vinton eagle semi-weekly--Tuesday and Friday mornings,</subfield><subfield code="f">May 7, 1909-1924</subfield></datafield><datafield ind1=" " ind2=" " tag="260"><subfield code="a">Vinton, Iowa :</subfield><subfield code="b">B. Murphy,</subfield><subfield code="c">1894-</subfield></datafield><datafield ind1=" " ind2=" " tag="300"><subfield code="a">v. :</subfield><subfield code="b">ill.</subfield></datafield><datafield ind1=" " ind2=" " tag="310"><subfield code="a">Weekly,</subfield><subfield code="b">Dec. 30, 1924-1926</subfield></datafield><datafield ind1=" " ind2=" " tag="321"><subfield code="a">Semiweekly,</subfield><subfield code="b">1894-1924</subfield></datafield><datafield ind1="0" ind2=" " tag="362"><subfield code="a">Vol. 39, no. 103 (Feb. 16, 1894)-</subfield></datafield><datafield ind1="1" ind2=" " tag="362"><subfield code="a">Ceased with Feb. 25, 1926, issue.</subfield><subfield code="z">Cf. Bibl. of Iowa newspapers.</subfield></datafield><datafield ind1=" " ind2=" " tag="500"><subfield code="a">Title from publisher's statement.</subfield></datafield><datafield ind1=" " ind2=" " tag="500"><subfield code="a">"Semi-centennial edition," commemorating Benton County's history, published Jan. 10, 1905.</subfield></datafield><datafield ind1=" " ind2=" " tag="500"><subfield code="a">Publisher varies.</subfield></datafield><datafield ind1=" " ind2=" " tag="752"><subfield code="a">United States</subfield><subfield code="b">Iowa</subfield><subfield code="c">Benton</subfield><subfield code="d">Vinton.</subfield></datafield><datafield ind1="0" ind2="0" tag="780"><subfield code="t">Semi-weekly Vinton eagle</subfield><subfield code="w">(DLC)sn 85050849</subfield></datafield><datafield ind1="0" ind2="5" tag="780"><subfield code="t">Vinton review</subfield><subfield code="w">(DLC)sn 85049575</subfield></datafield></record>